@article{Hunt2019,
author = {Hunt, Julian David and Zakeri, Behnam and Falchetta, Giacomo and Nascimento, Andreas and Wada, Yoshihide and Riahi, Keywan},
doi = {10.1016/j.energy.2019.116419},
file = {:C$\backslash$:/Users/robs89/Nextcloud/Arbeit/Mendeley/Hunt et al/Energy/Hunt et al.{\_}2019{\_}Mountain Gravity Energy Storage A new solution for closing the gap between existing short- and long-term storage techno.pdf:pdf},
issn = {03605442},
journal = {Energy},
month = {11},
title = {{Mountain Gravity Energy Storage: A new solution for closing the gap between existing short- and long-term storage technologies}},
url = {https://linkinghub.elsevier.com/retrieve/pii/S0360544219321140},
year = {2019}
}

@misc{Einstein1941,
	author = {Albert Einstein},
	title = { },
	date = {1941},
}

@booklet{EC2008,
	author = {{Commission of the European Communities}},
	title = {Communication from the Commission to the European Parliament, the Council, the European Economic and Social Committee and the Committee of the Regions - 20 20 by 2020, Europe's climate change opportunity},
	date = {2008},
	location = {Brussels},
}

@online{Finke2012,
	author = {Hans-Stefan Finke},
	title = {PV Solarstrom},
	date = {2012},
	url = {https://photovoltaiksolarstrom.com/solarzelle-funktion/},
}

@book{Schlabbach2011,
	author = {JÃ¼rgen Schlabbach},
	title = {Netzgekoppelte Photovoltaikanlagen},
	date = {2011},
}
